<?xml version="1.0" encoding="UTF-8"?><collection xmlns="http://www.loc.gov/MARC21/slim"><record><leader>00510nam--2200193-u-4500</leader><controlfield tag="001">000053643</controlfield><controlfield tag="002">20161230</controlfield><controlfield tag="005">20161230201051</controlfield><controlfield tag="008">110511s1000------------r-----000-0-rus-d</controlfield><datafield ind1=" " ind2=" " tag="040"><subfield code="a">IFIN-HH</subfield></datafield><datafield ind1=" " ind2=" " tag="041"><subfield code="a">rus</subfield></datafield><datafield ind1=" " ind2=" " tag="080"><subfield code="a">536</subfield></datafield><datafield ind1="1" ind2=" " tag="100"><subfield code="a">Mihailov, Iu.A</subfield></datafield><datafield ind1="1" ind2="0" tag="245"><subfield code="a">Variationnie metodi v teorii nelineainogo teplo- i massoperenosa</subfield><subfield code="c">Iu.a. mihailov; iu.t. glazunov</subfield></datafield><datafield ind1=" " ind2=" " tag="260"><subfield code="a">Riga</subfield><subfield code="b">Zinatne</subfield><subfield code="c">1985</subfield></datafield><datafield ind1=" " ind2=" " tag="300"><subfield code="a">190P</subfield></datafield><datafield ind1="1" ind2=" " tag="700"><subfield code="a">Glazunov, Iu.T</subfield></datafield><datafield ind1=" " ind2=" " tag="852"><subfield code="a">73017</subfield><subfield code="c">536</subfield></datafield><datafield ind1=" " ind2=" " tag="CAT"><subfield code="a">Sys</subfield><subfield code="c">20110511</subfield><subfield code="h">092339</subfield></datafield></record></collection>